@article{ortiz2004alternative,
  title={Alternative error distribution models for standardization of catch rates of non-target species from a pelagic longline fishery: billfish species in the Venezuelan tuna longline fishery},
  author={Ortiz, Mauricio and Arocha, Freddy},
  journal={Fisheries Research},
  volume={70},
  number={2},
  pages={275--297},
  year={2004},
  publisher={Elsevier}
}
@article{mccullagh1989generalized,
  title={Generalized linear models. Monographs on Statistics and Applied Probability 37},
  author={McCullagh, Peter and Nelder, James A},
  journal={Chapman Hall, London},
  year={1989}
}

@article{arreguin1996catchability,
  title={Catchability: a key parameter for fish stock assessment},
  author={Arregu{\'\i}n-S{\'a}nchez, Francisco},
  journal={Reviews in Fish Biology and Fisheries},
  volume={6},
  number={2},
  pages={221--242},
  year={1996},
  publisher={Springer}
}

@article{gonccalves2004bootstrapping,
  title={Bootstrapping autoregressions with conditional heteroskedasticity of unknown form},
  author={Gon{\c{c}}alves, S{\i}ÃÅlvia and Kilian, Lutz},
  journal={Journal of Econometrics},
  volume={123},
  number={1},
  pages={89--120},
  year={2004},
  publisher={Elsevier}
}

@book{efron1982jackknife,
  title={The jackknife, the bootstrap, and other resampling plans},
  author={Efron, Bradley and Efron, B},
  volume={38},
  year={1982},
  publisher={SIAM}
}